@article{coppo1980extension,
  title={An extension of the basic functionality theory for the $\lambda$-calculus.},
  author={Coppo, Mario and Dezani-Ciancaglini, Mariangiola and others},
  journal={Notre Dame journal of formal logic},
  volume={21},
  number={4},
  pages={685--693},
  year={1980},
  publisher={University of Notre Dame}
}
@article{cimini2017automatically,
 author = {Cimini, Matteo and Siek, Jeremy G.},
 title = {Automatically Generating the Dynamic Semantics of Gradually Typed Languages},
 journal = {SIGPLAN Not.},
 issue_date = {January 2017},
 volume = {52},
 number = {1},
 month = jan,
 year = {2017},
 issn = {0362-1340},
 pages = {789--803},
 numpages = {15},
 url = {http://doi.acm.org/10.1145/3093333.3009863},
 doi = {10.1145/3093333.3009863},
 acmid = {3009863},
 publisher = {ACM},
 address = {New York, NY, USA},
 keywords = {gradual typing, methodology, operational semantics, type systems},
}
@article{cimini2016gradualizer,
 author = {Cimini, Matteo and Siek, Jeremy G.},
 title = {The Gradualizer: A Methodology and Algorithm for Generating Gradual Type Systems},
 journal = {SIGPLAN Not.},
 issue_date = {January 2016},
 volume = {51},
 number = {1},
 month = jan,
 year = {2016},
 issn = {0362-1340},
 pages = {443--455},
 numpages = {13},
 url = {http://doi.acm.org/10.1145/2914770.2837632},
 doi = {10.1145/2914770.2837632},
 acmid = {2837632},
 publisher = {ACM},
 address = {New York, NY, USA},
 keywords = {gradual typing, methodology, semantics, type systems},
} 

